[gd_scene load_steps=30 format=2]

[ext_resource path="res://addons/polymorph/animation_baker/textures/std_bwlk.png" type="Texture" id=1]
[ext_resource path="res://addons/polymorph/animation_baker/textures/std_idle.png" type="Texture" id=2]
[ext_resource path="res://addons/polymorph/animation_baker/textures/std_bjog.png" type="Texture" id=3]
[ext_resource path="res://addons/polymorph/animation_baker/scripts/animation_clone.gd" type="Script" id=4]
[ext_resource path="res://addons/polymorph/animation_baker/textures/_turnr.png" type="Texture" id=5]
[ext_resource path="res://addons/polymorph/animation_baker/textures/_turnl.png" type="Texture" id=6]
[ext_resource path="res://addons/polymorph/animation_baker/textures/std_fwlk.png" type="Texture" id=7]
[ext_resource path="res://addons/polymorph/animation_baker/textures/_strafer.png" type="Texture" id=8]
[ext_resource path="res://addons/polymorph/animation_baker/textures/_strafel.png" type="Texture" id=9]
[ext_resource path="res://addons/polymorph/animation_baker/textures/std_fjog.png" type="Texture" id=10]
[ext_resource path="res://addons/polymorph/animation_baker/scripts/animation_config.gd" type="Script" id=11]
[ext_resource path="res://addons/polymorph/animation_baker/textures/fgt_brun.png" type="Texture" id=12]
[ext_resource path="res://addons/polymorph/animation_baker/textures/fgt_frun.png" type="Texture" id=13]

[sub_resource type="SpatialMaterial" id=1]
flags_unshaded = true
albedo_color = Color( 0.5, 0.5, 0.5, 1 )

[sub_resource type="PlaneMesh" id=2]

[sub_resource type="SpatialMaterial" id=3]
albedo_texture = ExtResource( 2 )

[sub_resource type="PlaneMesh" id=4]

[sub_resource type="SpatialMaterial" id=14]
albedo_texture = ExtResource( 5 )

[sub_resource type="PlaneMesh" id=15]

[sub_resource type="SpatialMaterial" id=16]
albedo_texture = ExtResource( 6 )

[sub_resource type="SpatialMaterial" id=17]
albedo_texture = ExtResource( 7 )

[sub_resource type="SpatialMaterial" id=18]
albedo_texture = ExtResource( 8 )

[sub_resource type="SpatialMaterial" id=7]
albedo_texture = ExtResource( 1 )

[sub_resource type="SpatialMaterial" id=8]
albedo_texture = ExtResource( 9 )

[sub_resource type="SpatialMaterial" id=9]
albedo_texture = ExtResource( 10 )

[sub_resource type="SpatialMaterial" id=10]
albedo_texture = ExtResource( 3 )

[sub_resource type="SpatialMaterial" id=11]
albedo_texture = ExtResource( 13 )

[sub_resource type="PlaneMesh" id=12]

[sub_resource type="SpatialMaterial" id=13]
albedo_texture = ExtResource( 12 )

[node name="FLAG_STANDARD" type="Spatial"]

[node name="background" type="MeshInstance" parent="."]
transform = Transform( 9, 0, 0, 0, 1, 0, 0, 0, 9, 0, -0.01, -16 )
material_override = SubResource( 1 )
mesh = SubResource( 2 )
material/0 = null

[node name="slices" type="Spatial" parent="."]

[node name="slice_idle" type="Spatial" parent="slices"]

[node name="idle" type="MeshInstance" parent="slices/slice_idle"]
transform = Transform( 1, 0, 0, 0, 1, 0, 0, 0, 1, 0, 0, -16 )
material_override = SubResource( 3 )
mesh = SubResource( 4 )
material/0 = null
script = ExtResource( 11 )
variants_fps = 12.0

[node name="idle_strafer" type="MeshInstance" parent="slices/slice_idle"]
transform = Transform( 1, 0, 0, 0, 1, 0, 0, 0, 1, -2, 0, -16 )
material_override = SubResource( 14 )
mesh = SubResource( 15 )
material/0 = null
script = ExtResource( 11 )
variants_fps = -1.0

[node name="clone_idle" type="Spatial" parent="slices/slice_idle"]
script = ExtResource( 4 )
clone = NodePath("../idle")

[node name="idle_strafel" type="MeshInstance" parent="slices/slice_idle"]
transform = Transform( 1, 0, 0, 0, 1, 0, 0, 0, 1, 2, 0, -16 )
material_override = SubResource( 16 )
mesh = SubResource( 15 )
material/0 = null
script = ExtResource( 11 )
variants_fps = -1.0

[node name="slice_wlk" type="Spatial" parent="slices"]

[node name="fwlk" type="MeshInstance" parent="slices/slice_wlk"]
transform = Transform( 1, 0, 0, 0, 1, 0, 0, 0, 1, 0, 0, -12 )
material_override = SubResource( 17 )
mesh = SubResource( 4 )
material/0 = null
script = ExtResource( 11 )
variants_fps = -1.0
variants_custom_fps = {
"default": 25.0,
"sup_std_fwlk00": 1
}

[node name="fwlk_strafer" type="MeshInstance" parent="slices/slice_wlk"]
transform = Transform( 1, 0, 0, 0, 1, 0, 0, 0, 1, -4, 0, -16 )
material_override = SubResource( 18 )
mesh = SubResource( 4 )
material/0 = null
script = ExtResource( 11 )
variants_fps = -1.0

[node name="bwlk" type="MeshInstance" parent="slices/slice_wlk"]
transform = Transform( 1, 0, 0, 0, 1, 0, 0, 0, 1, 0, 0, -20 )
material_override = SubResource( 7 )
mesh = SubResource( 4 )
material/0 = null
script = ExtResource( 11 )
variants_fps = -1.0

[node name="fwlk_strafel" type="MeshInstance" parent="slices/slice_wlk"]
transform = Transform( 1, 0, 0, 0, 1, 0, 0, 0, 1, 4, 0, -16 )
material_override = SubResource( 8 )
mesh = SubResource( 4 )
material/0 = null
script = ExtResource( 11 )
variants_fps = -1.0

[node name="slice_jog" type="Spatial" parent="slices"]

[node name="fjog" type="MeshInstance" parent="slices/slice_jog"]
transform = Transform( 1, 0, 0, 0, 1, 0, 0, 0, 1, 0, 0, -10 )
material_override = SubResource( 9 )
mesh = SubResource( 4 )
material/0 = null
script = ExtResource( 11 )
variants_fps = -1.0

[node name="fjog_strafer" type="MeshInstance" parent="slices/slice_jog"]
transform = Transform( 1, 0, 0, 0, 1, 0, 0, 0, 1, -6, 0, -16 )
material_override = SubResource( 18 )
mesh = SubResource( 4 )
material/0 = null
script = ExtResource( 11 )
variants_fps = -1.0

[node name="bjog" type="MeshInstance" parent="slices/slice_jog"]
transform = Transform( 1, 0, 0, 0, 1, 0, 0, 0, 1, 0, 0, -22 )
material_override = SubResource( 10 )
mesh = SubResource( 4 )
material/0 = null
script = ExtResource( 11 )
variants_fps = -1.0

[node name="fjog_strafel" type="MeshInstance" parent="slices/slice_jog"]
transform = Transform( 1, 0, 0, 0, 1, 0, 0, 0, 1, 6, 0, -16 )
material_override = SubResource( 8 )
mesh = SubResource( 4 )
material/0 = null
script = ExtResource( 11 )
variants_fps = -1.0

[node name="slice_run" type="Spatial" parent="slices"]

[node name="frun" type="MeshInstance" parent="slices/slice_run"]
transform = Transform( 1, 0, 0, 0, 1, 0, 0, 0, 1, 0, 0, -8 )
material_override = SubResource( 11 )
mesh = SubResource( 12 )
material/0 = null
script = ExtResource( 11 )
variants_fps = -1.0
variants_custom_fps = {
"default": 25.0
}

[node name="frun_strafer" type="MeshInstance" parent="slices/slice_run"]
transform = Transform( 1, 0, 0, 0, 1, 0, 0, 0, 1, -8, 0, -14 )
material_override = SubResource( 18 )
mesh = SubResource( 4 )
material/0 = null
script = ExtResource( 11 )
variants_fps = -1.0
variants_custom_fps = {
"default": 25.0
}

[node name="brun_strafer" type="MeshInstance" parent="slices/slice_run"]
transform = Transform( 1, 0, 0, 0, 1, 0, 0, 0, 1, -8, 0, -18 )
material_override = SubResource( 18 )
mesh = SubResource( 4 )
material/0 = null
script = ExtResource( 11 )
variants_fps = -1.0
variants_custom_fps = {
"default": 25.0
}

[node name="brun" type="MeshInstance" parent="slices/slice_run"]
transform = Transform( 1, 0, 0, 0, 1, 0, 0, 0, 1, 0, 0, -24 )
material_override = SubResource( 13 )
mesh = SubResource( 4 )
material/0 = null
script = ExtResource( 11 )
variants_fps = -1.0
variants_custom_fps = {
"default": 25.0
}

[node name="brun_strafel" type="MeshInstance" parent="slices/slice_run"]
transform = Transform( 1, 0, 0, 0, 1, 0, 0, 0, 1, 8, 0, -18 )
material_override = SubResource( 8 )
mesh = SubResource( 4 )
material/0 = null
script = ExtResource( 11 )
variants_fps = -1.0
variants_custom_fps = {
"default": 25.0
}

[node name="frun_strafel" type="MeshInstance" parent="slices/slice_run"]
transform = Transform( 1, 0, 0, 0, 1, 0, 0, 0, 1, 8, 0, -14 )
material_override = SubResource( 8 )
mesh = SubResource( 4 )
material/0 = null
script = ExtResource( 11 )
variants_fps = -1.0
variants_custom_fps = {
"default": 25.0
}
