[gd_scene load_steps=20 format=2]

[ext_resource path="res://addons/polymorph/animation_baker/textures/std_bwlk.png" type="Texture" id=1]
[ext_resource path="res://addons/polymorph/animation_baker/scripts/animation_config.gd" type="Script" id=4]
[ext_resource path="res://addons/polymorph/animation_baker/textures/_turnl.png" type="Texture" id=5]
[ext_resource path="res://addons/polymorph/animation_baker/textures/_turnr.png" type="Texture" id=6]
[ext_resource path="res://addons/polymorph/animation_baker/scripts/animation_clone.gd" type="Script" id=7]
[ext_resource path="res://addons/polymorph/animation_baker/textures/_strafer.png" type="Texture" id=8]
[ext_resource path="res://addons/polymorph/animation_baker/textures/_strafel.png" type="Texture" id=9]
[ext_resource path="res://addons/polymorph/animation_baker/textures/std_fwlk.png" type="Texture" id=10]
[ext_resource path="res://addons/polymorph/animation_baker/textures/std_idle.png" type="Texture" id=12]

[sub_resource type="SpatialMaterial" id=1]
flags_unshaded = true
albedo_color = Color( 0.5, 0.5, 0.5, 1 )

[sub_resource type="PlaneMesh" id=2]

[sub_resource type="SpatialMaterial" id=3]
albedo_texture = ExtResource( 12 )

[sub_resource type="PlaneMesh" id=4]

[sub_resource type="SpatialMaterial" id=5]
albedo_texture = ExtResource( 6 )

[sub_resource type="SpatialMaterial" id=6]
albedo_texture = ExtResource( 5 )

[sub_resource type="SpatialMaterial" id=7]
albedo_texture = ExtResource( 10 )

[sub_resource type="SpatialMaterial" id=8]
albedo_texture = ExtResource( 8 )

[sub_resource type="SpatialMaterial" id=9]
albedo_texture = ExtResource( 1 )

[sub_resource type="SpatialMaterial" id=10]
albedo_texture = ExtResource( 9 )

[node name="MOVE_FIGHTING" type="Spatial"]

[node name="background" type="MeshInstance" parent="."]
transform = Transform( 5, 0, 0, 0, 1, 0, 0, 0, 5, 0, -0.01, -8 )
material_override = SubResource( 1 )
mesh = SubResource( 2 )
material/0 = null

[node name="slices" type="Spatial" parent="."]

[node name="slice_idle" type="Spatial" parent="slices"]

[node name="fgt_idle" type="MeshInstance" parent="slices/slice_idle"]
transform = Transform( 1, 0, 0, 0, 1, 0, 0, 0, 1, 0, 0, -8 )
material_override = SubResource( 3 )
mesh = SubResource( 4 )
material/0 = null
script = ExtResource( 4 )
variants_fps = 12.0

[node name="fgt_idle_turnr" type="MeshInstance" parent="slices/slice_idle"]
transform = Transform( 1, 0, 0, 0, 1, 0, 0, 0, 1, -2, 0, -8 )
material_override = SubResource( 5 )
mesh = SubResource( 4 )
material/0 = null
script = ExtResource( 4 )
variants_fps = -1.0

[node name="clone_fgt_idle" type="Spatial" parent="slices/slice_idle"]
script = ExtResource( 7 )
clone = NodePath("../fgt_idle")

[node name="fgt_idle_turnl" type="MeshInstance" parent="slices/slice_idle"]
transform = Transform( 1, 0, 0, 0, 1, 0, 0, 0, 1, 2, 0, -8 )
material_override = SubResource( 6 )
mesh = SubResource( 4 )
material/0 = null
script = ExtResource( 4 )
variants_fps = -1.0

[node name="slice_wlk" type="Spatial" parent="slices"]

[node name="fgt_fwlk" type="MeshInstance" parent="slices/slice_wlk"]
transform = Transform( 1, 0, 0, 0, 1, 0, 0, 0, 1, 0, 0, -4 )
material_override = SubResource( 7 )
mesh = SubResource( 4 )
material/0 = null
script = ExtResource( 4 )
variants_fps = -1.0
variants_custom_fps = {
"default": 25.0,
"sup_std_fwlk00": 1
}

[node name="fgt_fwlk_strafer" type="MeshInstance" parent="slices/slice_wlk"]
transform = Transform( 1, 0, 0, 0, 1, 0, 0, 0, 1, -4, 0, -6 )
material_override = SubResource( 8 )
mesh = SubResource( 4 )
material/0 = null
script = ExtResource( 4 )
variants_fps = -1.0

[node name="fgt_bwlk_strafer" type="MeshInstance" parent="slices/slice_wlk"]
transform = Transform( 1, 0, 0, 0, 1, 0, 0, 0, 1, -4, 0, -10 )
material_override = SubResource( 8 )
mesh = SubResource( 4 )
material/0 = null
script = ExtResource( 4 )
variants_fps = -1.0
variants_custom_fps = {
"default": 25.0
}

[node name="fgt_bwlk" type="MeshInstance" parent="slices/slice_wlk"]
transform = Transform( 1, 0, 0, 0, 1, 0, 0, 0, 1, 0, 0, -12 )
material_override = SubResource( 9 )
mesh = SubResource( 4 )
material/0 = null
script = ExtResource( 4 )
variants_fps = -1.0

[node name="fgt_bwlk_strafel" type="MeshInstance" parent="slices/slice_wlk"]
transform = Transform( 1, 0, 0, 0, 1, 0, 0, 0, 1, 4, 0, -10 )
material_override = SubResource( 10 )
mesh = SubResource( 4 )
material/0 = null
script = ExtResource( 4 )
variants_fps = -1.0

[node name="fgt_fwlk_strafel" type="MeshInstance" parent="slices/slice_wlk"]
transform = Transform( 1, 0, 0, 0, 1, 0, 0, 0, 1, 4, 0, -6 )
material_override = SubResource( 10 )
mesh = SubResource( 4 )
material/0 = null
script = ExtResource( 4 )
variants_fps = -1.0
variants_custom_fps = {
"default": 25.0
}
