[gd_scene load_steps=45 format=2]

[ext_resource path="res://addons/polymorph/animation_baker/textures/ground.res" type="Texture" id=1]
[ext_resource path="res://addons/polymorph/animation_baker/textures/cage_climb.res" type="Texture" id=2]
[ext_resource path="res://addons/polymorph/animation_baker/textures/player.res" type="Texture" id=3]
[ext_resource path="res://addons/polymorph/animation_baker/textures/camera.res" type="Texture" id=4]
[ext_resource path="res://addons/polymorph/animation_baker/textures/aggro.res" type="Texture" id=5]
[ext_resource path="res://addons/polymorph/animation_baker/textures/tackle.res" type="Texture" id=6]
[ext_resource path="res://addons/polymorph/animation_baker/textures/crouch.res" type="Texture" id=7]
[ext_resource path="res://addons/polymorph/animation_baker/textures/moving.res" type="Texture" id=8]
[ext_resource path="res://addons/polymorph/animation_baker/textures/jumpfall.res" type="Texture" id=9]
[ext_resource path="res://addons/polymorph/animation_baker/scripts/animation_config.gd" type="Script" id=11]
[ext_resource path="res://addons/polymorph/animation_baker/textures/hug_B.res" type="Texture" id=12]
[ext_resource path="res://addons/polymorph/animation_baker/textures/hug_A.res" type="Texture" id=13]
[ext_resource path="res://addons/polymorph/animation_baker/textures/throw.res" type="Texture" id=14]
[ext_resource path="res://addons/polymorph/animation_baker/textures/preview.png" type="Texture" id=16]
[ext_resource path="res://addons/polymorph/animation_baker/textures/entrance.res" type="Texture" id=17]
[ext_resource path="res://addons/polymorph/animation_baker/textures/cage_cfall.res" type="Texture" id=18]
[ext_resource path="res://addons/polymorph/animation_baker/textures/cage_fwlk.res" type="Texture" id=19]
[ext_resource path="res://addons/polymorph/animation_baker/textures/cage_hang.res" type="Texture" id=20]
[ext_resource path="res://addons/polymorph/animation_baker/textures/cage_idle.res" type="Texture" id=21]
[ext_resource path="res://addons/polymorph/animation_baker/textures/cage_hfall.res" type="Texture" id=22]
[ext_resource path="res://addons/polymorph/animation_baker/textures/cage_jump.res" type="Texture" id=23]

[sub_resource type="SpatialMaterial" id=1]
flags_unshaded = true
albedo_color = Color( 0.5, 0.5, 0.5, 1 )

[sub_resource type="PlaneMesh" id=2]

[sub_resource type="SpatialMaterial" id=3]
albedo_texture = ExtResource( 14 )

[sub_resource type="PlaneMesh" id=4]

[sub_resource type="SpatialMaterial" id=5]
albedo_texture = ExtResource( 13 )

[sub_resource type="SpatialMaterial" id=6]
albedo_texture = ExtResource( 12 )

[sub_resource type="SpatialMaterial" id=7]
albedo_texture = ExtResource( 6 )

[sub_resource type="SpatialMaterial" id=24]
albedo_texture = ExtResource( 8 )

[sub_resource type="SpatialMaterial" id=25]
albedo_texture = ExtResource( 9 )

[sub_resource type="SpatialMaterial" id=26]
albedo_texture = ExtResource( 17 )

[sub_resource type="SpatialMaterial" id=27]
albedo_texture = ExtResource( 5 )

[sub_resource type="SpatialMaterial" id=28]
albedo_texture = ExtResource( 7 )

[sub_resource type="SpatialMaterial" id=29]
albedo_texture = ExtResource( 3 )

[sub_resource type="SpatialMaterial" id=30]
albedo_texture = ExtResource( 4 )

[sub_resource type="SpatialMaterial" id=31]
albedo_texture = ExtResource( 1 )

[sub_resource type="SpatialMaterial" id=32]
albedo_texture = ExtResource( 23 )

[sub_resource type="SpatialMaterial" id=33]
albedo_texture = ExtResource( 20 )

[sub_resource type="SpatialMaterial" id=34]
albedo_texture = ExtResource( 2 )

[sub_resource type="SpatialMaterial" id=35]
albedo_texture = ExtResource( 21 )

[sub_resource type="SpatialMaterial" id=36]
albedo_texture = ExtResource( 19 )

[sub_resource type="SpatialMaterial" id=37]
albedo_texture = ExtResource( 22 )

[sub_resource type="SpatialMaterial" id=22]
albedo_texture = ExtResource( 18 )

[sub_resource type="SpatialMaterial" id=23]
albedo_texture = ExtResource( 16 )

[node name="SPECIALS" type="Spatial"]

[node name="background" type="MeshInstance" parent="."]
transform = Transform( 4, 0, 0, 0, 1, 0, 0, 0, 10, 0, -0.01, -12 )
material_override = SubResource( 1 )
mesh = SubResource( 2 )
material/0 = null

[node name="slices" type="Spatial" parent="."]

[node name="slice_throw" type="Spatial" parent="slices"]

[node name="spcl_throw" type="MeshInstance" parent="slices/slice_throw"]
transform = Transform( 1, 0, 0, 0, 1, 0, 0, 0, 1, 0, 0, -3 )
material_override = SubResource( 3 )
mesh = SubResource( 4 )
material/0 = null
script = ExtResource( 11 )
variants_fps = -1.0
variants_custom_fps = {
"default": 25.0
}

[node name="slice_hug" type="Spatial" parent="slices"]

[node name="hug_A" type="MeshInstance" parent="slices/slice_hug"]
transform = Transform( 1, 0, 0, 0, 1, 0, 0, 0, 1, 0, 0, -6 )
material_override = SubResource( 5 )
mesh = SubResource( 4 )
material/0 = null
script = ExtResource( 11 )
variants_fps = -1.0
variants_custom_fps = {
"default": 25.0
}

[node name="hug_B" type="MeshInstance" parent="slices/slice_hug"]
transform = Transform( 1, 0, 0, 0, 1, 0, 0, 0, 1, 3, 0, -6 )
material_override = SubResource( 6 )
mesh = SubResource( 4 )
material/0 = null
script = ExtResource( 11 )
variants_fps = -1.0
variants_custom_fps = {
"default": 25.0
}

[node name="slice_tackle" type="Spatial" parent="slices"]

[node name="spcl_tackle" type="MeshInstance" parent="slices/slice_tackle"]
transform = Transform( 1, 0, 0, 0, 1, 0, 0, 0, 1, 0, 0, -15 )
material_override = SubResource( 7 )
mesh = SubResource( 4 )
material/0 = null
script = ExtResource( 11 )
variants_fps = -1.0
variants_custom_fps = {
"default": 25.0
}

[node name="slice_moving" type="Spatial" parent="slices"]

[node name="spcl_moving" type="MeshInstance" parent="slices/slice_moving"]
transform = Transform( 1, 0, 0, 0, 1, 0, 0, 0, 1, 0, 0, -18 )
material_override = SubResource( 24 )
mesh = SubResource( 4 )
material/0 = null
script = ExtResource( 11 )
variants_fps = -1.0
variants_custom_fps = {
"default": 25.0
}

[node name="slice_jumpfall" type="Spatial" parent="slices"]

[node name="cage_jumpfall" type="MeshInstance" parent="slices/slice_jumpfall"]
transform = Transform( 1, 0, 0, 0, 1, 0, 0, 0, 1, 3, 0, -18 )
material_override = SubResource( 25 )
mesh = SubResource( 4 )
material/0 = null
script = ExtResource( 11 )
variants_fps = -1.0
variants_custom_fps = {
"default": 25.0
}

[node name="slice_entrance" type="Spatial" parent="slices"]

[node name="spcl_entrance" type="MeshInstance" parent="slices/slice_entrance"]
transform = Transform( 1, 0, 0, 0, 1, 0, 0, 0, 1, 3, 0, -3 )
material_override = SubResource( 26 )
mesh = SubResource( 4 )
material/0 = null
script = ExtResource( 11 )
variants_fps = -1.0
variants_custom_fps = {
"default": 25.0
}

[node name="slice_aggro" type="Spatial" parent="slices"]

[node name="spcl_aggro" type="MeshInstance" parent="slices/slice_aggro"]
transform = Transform( 1, 0, 0, 0, 1, 0, 0, 0, 1, 3, 0, -12 )
material_override = SubResource( 27 )
mesh = SubResource( 4 )
material/0 = null
script = ExtResource( 11 )
variants_fps = -1.0
variants_custom_fps = {
"default": 25.0
}

[node name="slice_crouch" type="Spatial" parent="slices"]

[node name="spcl_crouch" type="MeshInstance" parent="slices/slice_crouch"]
transform = Transform( 1, 0, 0, 0, 1, 0, 0, 0, 1, 3, 0, -15 )
material_override = SubResource( 28 )
mesh = SubResource( 4 )
material/0 = null
script = ExtResource( 11 )
variants_fps = -1.0
variants_custom_fps = {
"default": 25.0
}

[node name="slice_player" type="Spatial" parent="slices"]

[node name="spcl_player" type="MeshInstance" parent="slices/slice_player"]
transform = Transform( 1, 0, 0, 0, 1, 0, 0, 0, 1, 0, 0, -12 )
material_override = SubResource( 29 )
mesh = SubResource( 4 )
material/0 = null
script = ExtResource( 11 )
variants_fps = -1.0
variants_custom_fps = {
"default": 25.0
}

[node name="slice_camera" type="Spatial" parent="slices"]

[node name="spcl_camera" type="MeshInstance" parent="slices/slice_camera"]
transform = Transform( 1, 0, 0, 0, 1, 0, 0, 0, 1, 3, 0, -9 )
material_override = SubResource( 30 )
mesh = SubResource( 4 )
material/0 = null
script = ExtResource( 11 )
variants_fps = -1.0
variants_custom_fps = {
"default": 25.0
}

[node name="slice_ground" type="Spatial" parent="slices"]

[node name="spcl_ground" type="MeshInstance" parent="slices/slice_ground"]
transform = Transform( 1, 0, 0, 0, 1, 0, 0, 0, 1, 0, 0, -9 )
material_override = SubResource( 31 )
mesh = SubResource( 4 )
material/0 = null
script = ExtResource( 11 )
variants_fps = -1.0
variants_custom_fps = {
"default": 25.0
}

[node name="slice_cage" type="Spatial" parent="slices"]

[node name="cage_jump" type="MeshInstance" parent="slices/slice_cage"]
transform = Transform( 1, 0, 0, 0, 1, 0, 0, 0, 1, -3, 0, -3 )
material_override = SubResource( 32 )
mesh = SubResource( 4 )
material/0 = null
script = ExtResource( 11 )
variants_fps = -1.0
variants_custom_fps = {
"default": 25.0
}

[node name="cage_hang" type="MeshInstance" parent="slices/slice_cage"]
transform = Transform( 1, 0, 0, 0, 1, 0, 0, 0, 1, -3, 0, -6 )
material_override = SubResource( 33 )
mesh = SubResource( 4 )
material/0 = null
script = ExtResource( 11 )
variants_fps = -1.0
variants_custom_fps = {
"default": 25.0
}

[node name="cage_climb" type="MeshInstance" parent="slices/slice_cage"]
transform = Transform( 1, 0, 0, 0, 1, 0, 0, 0, 1, -3, 0, -9 )
material_override = SubResource( 34 )
mesh = SubResource( 4 )
material/0 = null
script = ExtResource( 11 )
variants_fps = -1.0
variants_custom_fps = {
"default": 25.0
}

[node name="cage_idle" type="MeshInstance" parent="slices/slice_cage"]
transform = Transform( 1, 0, 0, 0, 1, 0, 0, 0, 1, -3, 0, -12 )
material_override = SubResource( 35 )
mesh = SubResource( 4 )
material/0 = null
script = ExtResource( 11 )
variants_fps = -1.0
variants_custom_fps = {
"default": 25.0
}

[node name="cage_fwlk" type="MeshInstance" parent="slices/slice_cage"]
transform = Transform( 1, 0, 0, 0, 1, 0, 0, 0, 1, -3, 0, -15 )
material_override = SubResource( 36 )
mesh = SubResource( 4 )
material/0 = null
script = ExtResource( 11 )
variants_fps = -1.0
variants_custom_fps = {
"default": 25.0
}

[node name="cage_hfall" type="MeshInstance" parent="slices/slice_cage"]
transform = Transform( 1, 0, 0, 0, 1, 0, 0, 0, 1, -3, 0, -18 )
material_override = SubResource( 37 )
mesh = SubResource( 4 )
material/0 = null
script = ExtResource( 11 )
variants_fps = -1.0
variants_custom_fps = {
"default": 25.0
}

[node name="cage_cfall" type="MeshInstance" parent="slices/slice_cage"]
transform = Transform( 1, 0, 0, 0, 1, 0, 0, 0, 1, -3, 0, -21 )
material_override = SubResource( 22 )
mesh = SubResource( 4 )
material/0 = null
script = ExtResource( 11 )
variants_fps = -1.0
variants_custom_fps = {
"default": 25.0
}

[node name="preview" type="MeshInstance" parent="."]
material_override = SubResource( 23 )
mesh = SubResource( 4 )
material/0 = null
